<?xml version="1.0" encoding="UTF-8"?><collection xmlns="http://www.loc.gov/MARC21/slim"><record><leader>00756nam--2200205-i-4500</leader><controlfield tag="001">000020476</controlfield><controlfield tag="002">20161230</controlfield><controlfield tag="005">20161230201033</controlfield><controlfield tag="008">060222s1000------------r-----000-0-eng-d</controlfield><datafield ind1=" " ind2=" " tag="020"><subfield code="a">1558991654</subfield></datafield><datafield ind1=" " ind2=" " tag="040"><subfield code="a">IFIN-HH</subfield></datafield><datafield ind1=" " ind2=" " tag="080"><subfield code="a">546.26(061.3)</subfield></datafield><datafield ind1="1" ind2=" " tag="100"><subfield code="a">Renschler, Clifford L</subfield></datafield><datafield ind1="1" ind2="0" tag="245"><subfield code="a">Novel forms of carbon</subfield><subfield code="b">Volume 270 materials research society symposium proceedings. symposium held april 27-may 1, 1992, san francisco, california, usa</subfield><subfield code="c">Clifford l. renschler, john j. pouch, donald m. cox (eds.)</subfield></datafield><datafield ind1=" " ind2=" " tag="260"><subfield code="a">Pittsbugh, Pennsylvania</subfield><subfield code="b">Materials Research Society</subfield><subfield code="c">1992</subfield></datafield><datafield ind1=" " ind2=" " tag="300"><subfield code="a">522 P</subfield></datafield><datafield ind1=" " ind2=" " tag="490"><subfield code="a">Materials Research Society Symposium Proceedings</subfield></datafield><datafield ind1="1" ind2=" " tag="700"><subfield code="a">Cox, Donald M</subfield><subfield code="e">Ed</subfield></datafield><datafield ind1=" " ind2=" " tag="852"><subfield code="a">49226</subfield><subfield code="c">539</subfield></datafield><datafield ind1=" " ind2=" " tag="CAT"><subfield code="a">Sys</subfield><subfield code="c">20111012</subfield><subfield code="h">150605</subfield></datafield></record></collection>